<record><leader>00000cas a22000007a 4500</leader><controlfield tag="001">26794467</controlfield><controlfield tag="008">921016d19561959ctuwr ne      0    0eng d</controlfield><datafield ind1=" " ind2=" " tag="010"><subfield code="a">sn 92051474 </subfield></datafield><datafield ind1=" " ind2=" " tag="040"><subfield code="a">CNW</subfield><subfield code="b">eng</subfield><subfield code="c">CNW</subfield><subfield code="d">OCLCQ</subfield></datafield><datafield ind1=" " ind2=" " tag="042"><subfield code="a">msc</subfield></datafield><datafield ind1="0" ind2="4" tag="245"><subfield code="a">The Mystic-Stonington compass.</subfield></datafield><datafield ind1=" " ind2=" " tag="260"><subfield code="a">Deep River, Conn. :</subfield><subfield code="b">Curtiss Johnson Publications</subfield></datafield><datafield ind1=" " ind2=" " tag="300"><subfield code="a">v.</subfield></datafield><datafield ind1=" " ind2=" " tag="310"><subfield code="a">Weekly</subfield></datafield><datafield ind1="0" ind2=" " tag="362"><subfield code="a">Vol. 1, no. 1 (June 20, 1956)-v. 4, no. 7 (Aug. 20, 1959).</subfield></datafield><datafield ind1=" " ind2=" " tag="500"><subfield code="a">Published at Stonington and Mystic, Conn., Mar. 12-Aug. 20, 1959.</subfield></datafield><datafield ind1=" " ind2="4" tag="651"><subfield code="a">Stonington (Conn.)</subfield><subfield code="v">Newspapers.</subfield></datafield><datafield ind1=" " ind2="4" tag="651"><subfield code="a">Groton (Conn.)</subfield><subfield code="v">Newspapers.</subfield></datafield><datafield ind1=" " ind2="4" tag="651"><subfield code="a">North Stonington (Conn.)</subfield><subfield code="v">Newspapers.</subfield></datafield><datafield ind1=" " ind2=" " tag="752"><subfield code="a">United States</subfield><subfield code="b">Connecticut</subfield><subfield code="c">New London</subfield><subfield code="d">Stonington.</subfield></datafield><datafield ind1="0" ind2="0" tag="785"><subfield code="t">Compass (Stonington, Conn.)</subfield><subfield code="w">(DLC)sn 92051475</subfield></datafield></record>